% This file was created with JabRef 2.7.1.
% Encoding: UTF8

@BOOK{Aach2005,
  title = {Unterlagen zur Vorlesung Digitale Bildverarbeitung II},
  publisher = {Lehrstuhl f√ºr Bildverarbeitung, RWTH Aachen},
  year = {2005},
  author = {T. Aach},
  timestamp = {2008.02.01}
}
